
@article{gruber_mass-conserving_2007,
	title = {A mass-conserving fast algorithm to parameterize gravitational transport and deposition using digital elevation models},
	volume = {43},
	issn = {00431397},
	shorttitle = {A mass-conserving fast algorithm to parameterize gravitational transport and deposition using digital elevation models},
	url = {http://doi.wiley.com/10.1029/2006WR004868},
	doi = {10.1029/2006WR004868},
	language = {en},
	number = {6},
	urldate = {2021-03-08},
	journal = {Water Resources Research},
	author = {Gruber, S.},
	month = jun,
	year = {2007},
}

@article{hock_distributed_1999,
	title = {A distributed temperature-index ice- and snowmelt model including potential direct solar radiation},
	volume = {45},
	issn = {0022-1430, 1727-5652},
	url = {https://www.cambridge.org/core/product/identifier/S0022143000003087/type/journal_article},
	doi = {10.3189/S0022143000003087},
	language = {en},
	number = {149},
	urldate = {2021-03-08},
	journal = {Journal of Glaciology},
	author = {Hock, Regine},
	year = {1999},
	pages = {101--111},
}

@book{ostrem_glacier_1991,
	address = {Saskatoon, Sask.},
	title = {Glacier mass-balance measurements: a manual for field and office work},
	isbn = {978-0-662-19000-4},
	shorttitle = {Glacier mass-balance measurements},
	abstract = {Handbook of field methods for recording variations in glacier mass-balance studies, for use in Canada and Norway, including 'cold' or 'subpolar' glaciers. Includes sample forms, world overview of observations, and overviews of Canadian Arctic and Alaskan programs, with notes on remote sensing.},
	language = {English},
	publisher = {National Hydrology Research Institute, Inland Waters Directorate, Conservation and Protection, Environment Canada},
	author = {Ã˜strem, Gunnar and Brugman, Melinda M},
	year = {1991},
	url = {https://wgms.ch/downloads/Oestrem_Brugman_GlacierMassBalanceMeasurements_1991.pdf},
}
 
